<?xml version="1.0" encoding="UTF-8"?>
<record xmlns="http://www.loc.gov/MARC21/slim" xmlns:xsi="http://www.w3.org/2001/XMLSchema-instance" xsi:schemaLocation="http://www.loc.gov/MARC21/slim http://www.loc.gov/standards/marcxml/schema/MARC21slim.xsd">
<leader>00000cam a22      a 4500</leader>
<controlfield tag="001">002966346</controlfield>
<controlfield tag="003">NNU</controlfield>
<controlfield tag="005">20151106180325.0</controlfield>
<controlfield tag="008">870930s1984    ir            000 0 araod</controlfield>
<datafield tag="035" ind1=" " ind2=" ">
<subfield code="a">(OCoLC)19939823</subfield>
</datafield>
<datafield tag="040" ind1=" " ind2=" ">
<subfield code="a">PAU</subfield>
<subfield code="b">eng</subfield>
<subfield code="c">PAU</subfield>
<subfield code="d">ZCU</subfield>
<subfield code="d">OCLCQ</subfield>
<subfield code="d">OCLCF</subfield>
<subfield code="d">OCLCQ</subfield>
<subfield code="d">OCLCO</subfield>
<subfield code="d">OCL</subfield>
<subfield code="d">NNU</subfield>
</datafield>
<datafield tag="043" ind1=" " ind2=" ">
<subfield code="a">a-ir---</subfield>
</datafield>
<datafield tag="050" ind1=" " ind2="4">
<subfield code="a">JQ1789.A8</subfield>
<subfield code="b">T86 1984</subfield>
</datafield>
<datafield tag="100" ind1="1" ind2=" ">
<subfield code="6">880-01</subfield>
<subfield code="a">Ḥusayn, Muḥammad ʻAlī.</subfield>
</datafield>
<datafield tag="245" ind1="1" ind2="0">
<subfield code="6">880-02</subfield>
<subfield code="a">Suqūṭ Ḥizb Tūdah :</subfield>
<subfield code="b">ʻarḍ taḥlīlī li-tārīkh al-ḥizb al-shuyūʻī al-Īrānī wa-inhīyāruhu amama al-Islām /</subfield>
<subfield code="c">Muḥammad ʻAlī Ḥusayn.</subfield>
</datafield>
<datafield tag="250" ind1=" " ind2=" ">
<subfield code="6">880-03</subfield>
<subfield code="a">al-Ṭabʻah 1.</subfield>
</datafield>
<datafield tag="260" ind1=" " ind2=" ">
<subfield code="6">880-04</subfield>
<subfield code="a">Ṭihrān :</subfield>
<subfield code="b">Munaẓẓamat al-Iʻlām al-Islāmī, Qism al-ʻAlāqāt al-Duwalīyah,</subfield>
<subfield code="c">1984.</subfield>
</datafield>
<datafield tag="300" ind1=" " ind2=" ">
<subfield code="a">163 pages ;</subfield>
<subfield code="c">22 cm</subfield>
</datafield>
<datafield tag="336" ind1=" " ind2=" ">
<subfield code="a">text</subfield>
<subfield code="b">txt</subfield>
<subfield code="2">rdacontent</subfield>
</datafield>
<datafield tag="337" ind1=" " ind2=" ">
<subfield code="a">unmediated</subfield>
<subfield code="b">n</subfield>
<subfield code="2">rdamedia</subfield>
</datafield>
<datafield tag="338" ind1=" " ind2=" ">
<subfield code="a">volume</subfield>
<subfield code="b">nc</subfield>
<subfield code="2">rdacarrier</subfield>
</datafield>
<datafield tag="530" ind1=" " ind2=" ">
<subfield code="a">Also issued online.</subfield>
</datafield>
<datafield tag="610" ind1="2" ind2="0">
<subfield code="6">880-05</subfield>
<subfield code="a">Ḥizb-i Tūdah-ʼi Īrān.</subfield>
</datafield>
<datafield tag="650" ind1=" " ind2="0">
<subfield code="a">Communism</subfield>
<subfield code="z">Iran.</subfield>
</datafield>
<datafield tag="651" ind1=" " ind2="0">
<subfield code="a">Iran</subfield>
<subfield code="x">Politics and government</subfield>
<subfield code="y">20th century.</subfield>
</datafield>
<datafield tag="610" ind1="2" ind2="7">
<subfield code="a">Ḥizb-i Tūdah-ʼi Īrān.</subfield>
<subfield code="2">fast</subfield>
<subfield code="0">(OCoLC)fst00538342</subfield>
</datafield>
<datafield tag="650" ind1=" " ind2="7">
<subfield code="a">Communism.</subfield>
<subfield code="2">fast</subfield>
<subfield code="0">(OCoLC)fst00870421</subfield>
</datafield>
<datafield tag="650" ind1=" " ind2="7">
<subfield code="a">Politics and government</subfield>
<subfield code="2">fast</subfield>
<subfield code="0">(OCoLC)fst01919741</subfield>
</datafield>
<datafield tag="651" ind1=" " ind2="7">
<subfield code="a">Iran.</subfield>
<subfield code="2">fast</subfield>
<subfield code="0">(OCoLC)fst01204889</subfield>
</datafield>
<datafield tag="648" ind1=" " ind2="7">
<subfield code="a">1900 - 1999</subfield>
<subfield code="2">fast</subfield>
</datafield>
<datafield tag="776" ind1="0" ind2="8">
<subfield code="i">Online version:</subfield>
<subfield code="a">Ḥusayn, Muḥammad ʻAlī.</subfield>
<subfield code="t">Suqūṭ Ḥizb Tūdah.</subfield>
<subfield code="b">al-Ṭabʻah 1.</subfield>
<subfield code="d">Ṭihrān : Munaẓẓamat al-Iʻlām al-Islāmī, Qism al-ʻAlāqāt al-Duwalīyah 1984</subfield>
<subfield code="w">(OCoLC)560924598</subfield>
</datafield>
<datafield tag="880" ind1="1" ind2=" ">
<subfield code="6">100-01/</subfield>
<subfield code="a">حسين، محمد علي.</subfield>
</datafield>
<datafield tag="880" ind1="1" ind2="0">
<subfield code="6">245-02/</subfield>
<subfield code="a">سقوط حزب تودة :</subfield>
<subfield code="b">عرض تحليلي لتاريخ الحزب الشيوعي الاراني وانهياره امم الاسلام /</subfield>
<subfield code="c">محمد علي حسين.</subfield>
</datafield>
<datafield tag="880" ind1=" " ind2=" ">
<subfield code="6">250-03/</subfield>
<subfield code="a">الطبعة 1.</subfield>
</datafield>
<datafield tag="880" ind1=" " ind2=" ">
<subfield code="6">260-04/</subfield>
<subfield code="a">طهران :</subfield>
<subfield code="b">منظمة الاعلام الاسلامي، قسم العلاقات الدولية،</subfield>
<subfield code="c">1984.</subfield>
</datafield>
<datafield tag="880" ind1="2" ind2="0">
<subfield code="6">610-05/</subfield>
<subfield code="a">حزب تودۀ ايران.</subfield>
</datafield>
<datafield tag="OWN" ind1=" " ind2=" ">
<subfield code="a">GENERAL</subfield>
</datafield>
<datafield tag="AVA" ind1=" " ind2=" ">
<subfield code="a">NYU50</subfield>
<subfield code="b">BOBST</subfield>
<subfield code="c">Main Collection</subfield>
<subfield code="d">JQ1789.A8 H87 1984</subfield>
<subfield code="e">unavailable</subfield>
<subfield code="t">Unavailable</subfield>
<subfield code="f">1</subfield>
<subfield code="g">1</subfield>
<subfield code="h">N</subfield>
<subfield code="i">0</subfield>
<subfield code="j">MAIN</subfield>
<subfield code="k">0</subfield>
</datafield>
</record>
